@inproceedings{Lipp:meltdown,
	author = {Moritz Lipp and Michael Schwarz and Daniel Gruss and Thomas Prescher and Werner Haas and Anders Fogh and Jann Horn and Stefan Mangard and Paul Kocher and Daniel Genkin and Yuval Yarom and Mike Hamburg},
	title = {Meltdown: Reading Kernel Memory from User Space},
	booktitle = {27th {USENIX} Security Symposium ({USENIX} Security 18)},
	year = {2018},
}

@inproceedings{Gruss:kaslr,
	author = {Gruss, Daniel and Lipp, Moritz and Schwarz, Michael and Fellner, Richard and Maurice, Cl√©mentine and Mangard, Stefan},
	title = {KASLR is Dead: Long Live KASLR},
	booktitle = {International Symposium on Engineering Secure
	Software and Systems},
	publisher = {Springer International Publishing},
	year = {2017},
	pages = {161-176}
}
