@inproceedings{lipp:meltdown,
	author = {Moritz Lipp and Michael Schwarz and Daniel Gruss and Thomas Prescher and Werner Haas and Anders Fogh and Jann Horn and Stefan Mangard and Paul Kocher and Daniel Genkin and Yuval Yarom and Mike Hamburg},
	title = {Meltdown: Reading Kernel Memory from User Space},
	booktitle = {{USENIX} Security Symposium},
	year = {2018},
}

@inproceedings{gruss:kaslr,
	author = {Gruss, Daniel and Lipp, Moritz and Schwarz, Michael and Fellner, Richard and Maurice, Clémentine and Mangard, Stefan},
	title = {KASLR is Dead: Long Live KASLR},
	booktitle = {International Symposium on Engineering Secure
	Software and Systems},
	publisher = {Springer International Publishing},
	year = {2017},
	pages = {161-176}
}

@online{lettieri:nucleo,
	author = {Lettieri, Giuseppe},
	title = {Introduzione al sistema multiprogrammato},
	date = {2020-04-24},
	url = {https://calcolatori.iet.unipi.it/resources/nucleo.pdf}
}

@online{lettieri:paginazione,
	author = {Lettieri, Giuseppe},
	title = {Paginazione},
	date = {2019-05-03},
	url = {https://calcolatori.iet.unipi.it/resources/paginazione.pdf}
}

@online{lettieri:tabelle-multilivello,
	author = {Lettieri, Giuseppe},
	title = {Tabelle multilivello},
	date = {2019-05-06},
	url = {https://calcolatori.iet.unipi.it/resources/tabelle-multilivello.pdf}
}

@online{lettieri:paginazione-complementi,
	author = {Lettieri, Giuseppe},
	title = {Paginazione: complementi},
	date = {2017-04-04},
	url = {https://calcolatori.iet.unipi.it/resources/tlb.pdf}
}

@online{lettieri:paginazione-su-domanda,
	author = {Lettieri, Giuseppe},
	title = {Paginazione su domanda},
	date = {2018-05-14},
	url = {https://calcolatori.iet.unipi.it/resources/paginazione-su-domanda.pdf}
}

@online{lettieri:paginazione-nel-nucleo,
	author = {Lettieri, Giuseppe},
	title = {Implementazione della memoria virtuale},
	date = {2019-05-13},
	url = {https://calcolatori.iet.unipi.it/resources/paginazione-nel-nucleo.pdf}
}

@online{lettieri:protezione,
	author = {Lettieri, Giuseppe},
	title = {Protezione},
	date = {2019-04-11},
	url = {https://calcolatori.iet.unipi.it/resources/protezione.pdf}
}

@online{lettieri:cache,
	author = {Lettieri, Giuseppe},
	title = {Memoria Cache},
	date = {2017-03-16},
	url = {https://calcolatori.iet.unipi.it/resources/cache.pdf}
}

@online{lettieri:istruzioni-nucleo,
	author = {Lettieri, Giuseppe},
	title = {Istruzioni all'uso del nucloe},
	url = {https://calcolatori.iet.unipi.it/istruzioni_nucleo.php}
}

@book{frosini:calcolatori2,
	author = {Frosini, Graziano and Lettieri, Giuseppe},
	title = {Architettura dei calcolatori Vol.~II: Struttura hardware del processore PC, del Bus, della memoria, delle interfacce e gestione dell'I/O},
	shorttitle = {Architettura dei calcolatori Vol.~II},
	year = {2013},
	editor = {Pisa University Press}
}

@book{frosini:calcolatori3,
	author = {Frosini, Graziano and Lettieri, Giuseppe},
	title = {Architettura dei calcolatori Vol.~III: Aspetti architetturali avanzati e nucleo di sistema operativo},
	shorttitle = {Architettura dei calcolatori Vol.~III},
	year = {2013},
	editor = {Pisa University Press}
}

@inproceedings {yaron:flush-reload,
	author = {Yuval Yarom and Katrina Falkner},
	title = {FLUSH+RELOAD: A High Resolution, Low Noise, L3 Cache Side-Channel Attack},
	booktitle = {{USENIX} Security Symposium},
	year = {2014},
	pages = {719-732}
}

@inproceedings{gruss:prefetch-side-channel-attacks,
	author = {Gruss, Daniel and Maurice, Cl\'{e}mentine and Fogh, Anders and Lipp, Moritz and Mangard, Stefan},
	title = {Prefetch Side-Channel Attacks: Bypassing SMAP and Kernel ASLR},
	year = {2016},
	booktitle = {Conference on Computer and Communications Security},
	pages = {368–379}
}

@inproceedings{hund:practical-timing-side-channel,
	author = {Hund, Ralf and Willems, Carsten and Holz, Thorsten},
	year = {2013},
	pages = {191-205},
	title = {Practical Timing Side Channel Attacks against Kernel Space ASLR},
	booktitle = {Security and Privacy}
}

@inproceedings{jang:breaking-kaslr,
	author = {Jang, Yeongjin and Lee, Sangho and Kim, Taesoo},
	title = {Breaking Kernel Address Space Layout Randomization with Intel TSX},
	year = {2016},
	booktitle = {Conference on Computer and Communications Security},
	pages = {380–392}
}
